<record><leader>00000cas a2200000 a 4500</leader><controlfield tag="001">41429828</controlfield><controlfield tag="008">990525d19uu19uucauwr ne      0    0eng c</controlfield><datafield ind1=" " ind2=" " tag="010"><subfield code="a">sn 99060790 </subfield></datafield><datafield ind1=" " ind2=" " tag="040"><subfield code="a">CNK</subfield><subfield code="b">eng</subfield><subfield code="c">CNK</subfield><subfield code="d">OCLCQ</subfield><subfield code="d">OCLCF</subfield><subfield code="d">OCLCO</subfield></datafield><datafield ind1=" " ind2=" " tag="042"><subfield code="a">pcc</subfield></datafield><datafield ind1=" " ind2=" " tag="043"><subfield code="a">n-us-ca</subfield></datafield><datafield ind1="0" ind2="0" tag="245"><subfield code="a">Altadena advertiser.</subfield></datafield><datafield ind1="1" ind2="3" tag="246"><subfield code="a">Altadena press</subfield><subfield code="f">&lt;Feb. 3, 1938-&gt;</subfield></datafield><datafield ind1=" " ind2=" " tag="260"><subfield code="a">Altadena, Calif. :</subfield><subfield code="b">[s.n.]</subfield></datafield><datafield ind1=" " ind2=" " tag="300"><subfield code="a">v.</subfield></datafield><datafield ind1=" " ind2=" " tag="310"><subfield code="a">Weekly</subfield></datafield><datafield ind1=" " ind2=" " tag="588"><subfield code="a">Description based on: Vol. 9, no. 6 (Jan. 6, 1938).</subfield></datafield><datafield ind1=" " ind2="0" tag="651"><subfield code="a">Altadena (Calif.)</subfield><subfield code="v">Newspapers.</subfield></datafield><datafield ind1=" " ind2="7" tag="655"><subfield code="a">Newspapers.</subfield><subfield code="2">fast</subfield><subfield code="0">(OCoLC)fst01423814</subfield></datafield><datafield ind1=" " ind2="7" tag="651"><subfield code="a">California</subfield><subfield code="z">Altadena.</subfield><subfield code="2">fast</subfield><subfield code="0">(OCoLC)fst01217480</subfield></datafield><datafield ind1=" " ind2=" " tag="752"><subfield code="a">United States</subfield><subfield code="b">California</subfield><subfield code="c">Los Angeles</subfield><subfield code="d">Altadena.</subfield></datafield><datafield ind1="0" ind2=" " tag="775"><subfield code="t">Altadena press</subfield><subfield code="w">(DLC)sn 94051536</subfield></datafield></record>